% Falsche Zitierung, da der Titel fehlt. Alle notwendigen Informationen finden Sie im Buch hinter der ISBN.
@misc{salomon_c,
author={{Prof. Dr.-Ing. habil. Ralf Salomon}},
year={2013},
title={Siehe ISBN: 978-3-00-042684-1},
}