% Bad Citation, as the title is missing. All necessary information can be garnered by accessing the book behind the isbn.
@misc{salomon_c,
    author={{Prof. Dr.-Ing. habil. Ralf Salomon}},
    year={2013},
    title={Siehe ISBN: 978-3-00-042684-1},
}