@misc{pgf:tillTantau:tikz,
  author={Till Tantau}, 
  title={TikZ and PGF: Manual for Version 3.1.11a},
  year=2013,
  howpublished={\url{https://pgf-tikz.github.io/pgf/pgfmanual.pdf} (last Access: 03.10.2025)},
}

@misc{latex:documentation:clsguide,
    author={{The LaTeX-Project Team}},
    title={LaTeX for package and class authors},
    year=2025,
    howpublished={\url{https://www.latex-project.org/help/documentation/clsguide.pdf} (last Access: 03.10.2025)},
}

@misc{latex:overleaf:environments,
    author={Overleaf},
    title={Environments - Overleaf, Online LaTeX Editor},
    year=2025,
    howpublished={\url{https://www.overleaf.com/learn/latex/Environments} (last Access: 03.10.2025)},
}